@book{Probability_Essentials,
  author = {Protter Philip and Jean Jacob},
  year = {2004},
  title = {Probability Essentials},
  publisher = {Springer-Verlag}
}